<?xml version="1.0" encoding="UTF-8"?><collection><record><leader>07568ntm a2200613 a 4500</leader><controlfield tag="001">006837675</controlfield><controlfield tag="003">MiAaHDL</controlfield><controlfield tag="005">20190719000000.0</controlfield><controlfield tag="006">m        d        </controlfield><controlfield tag="007">cr bn ---auaua</controlfield><controlfield tag="008">090710s1725    xx            00| ||per d</controlfield><datafield tag="035" ind1=" " ind2=" "><subfield code="a">(MiU)006837675</subfield></datafield><datafield tag="035" ind1=" " ind2=" "><subfield code="a">sdr-miu006837675</subfield></datafield><datafield tag="040" ind1=" " ind2=" "><subfield code="a">MiU</subfield><subfield code="c">MiU</subfield><subfield code="e">amremm</subfield></datafield><datafield tag="043" ind1=" " ind2=" "><subfield code="a">n-us-mi</subfield></datafield><datafield tag="100" ind1="1" ind2=" "><subfield code="6">880-01</subfield><subfield code="a">Kātibī Turshīzī, Muḥammad ibn ʻAbd Allāh,</subfield><subfield code="d">d. ca. 1434</subfield></datafield><datafield tag="245" ind1="1" ind2="0"><subfield code="6">880-03</subfield><subfield code="a">[Majmaʻ al-baḥrayn va Muntakhab-i ashʻār,</subfield><subfield code="f">1137, i.e. 1725].</subfield></datafield><datafield tag="246" ind1="3" ind2="8"><subfield code="a">Majma ul Bahraein</subfield></datafield><datafield tag="246" ind1="3" ind2=" "><subfield code="a">مجمع البحرين</subfield></datafield><datafield tag="260" ind1=" " ind2=" "><subfield code="c">[1725].</subfield></datafield><datafield tag="300" ind1=" " ind2=" "><subfield code="a">100 leaves :</subfield><subfield code="b">paper ;</subfield><subfield code="c">165 x 103 (128 x 65) mm. bound to 170 x 108 mm.</subfield></datafield><datafield tag="500" ind1=" " ind2=" "><subfield code="a">Shelfmark: Ann Arbor, University of Michigan, Special Collections Library, Isl. Ms. 892</subfield></datafield><datafield tag="500" ind1=" " ind2=" "><subfield code="a">Origin: As appears in colophon at close of Majmaʻ al-baḥrayn on p.216, transcription completed 19 Rajab 1137 [ca. 3 April 1725]. Opening work likely completed around the same time.</subfield></datafield><datafield tag="500" ind1=" " ind2=" "><subfield code="a">Accompanying materials: a. Part of a page torn from 1908 catalog of Luzac &amp; Co., 'Books on Modern Persian Literature,' with description of this manuscript "196 KATIBI. Majma ʼal-Bahrain. A Sufic poem. Bound up with "a collection of Masnavis, followed by rubāʻis" by an anonymous writer. Persian MSS. Small 8vo, half-bound. 9s. 1725. Nicely written in red and black ink with illuminated margins." (paginated pp.1-2) -- b. Scrap with description of opening work in black ink "Anonymous. A collection of masnavis followed by rubāʻīs. No date XVIII." (paginated pp.3-4) -- c. Scrap with description of second work in black ink "Kātibī. Majmaʻ al-Baḥrain. A Sufic | Dated 1137 A.H. = 1725 A.D." (paginated pp.5-6) -- d. Slip with description in hand of G. Meredith-Owens "MO 10 Majmaʻ al-baḥrain a Ṣūfī poem by Kātibī. Copied 1237 | Preceded by a mas̲navī and some quatrains" (paginated pp.7-8) -- e. Slip with description of second work (in hand of E. Husslman ?) "Muẖammad ibn ʻAbd Allah al-Nīsāpūrī, called Kātibī. Majmaʻ al-bahrain. Not in U. of M. MSS. 'The confluent of the two seas' ; a Sufī poem which treats of the loves of Nāẓir and Manẓūr. cf. BMCat. Pers. MSS. v.2, p.638a | 100 ff. | 200 pp." (paginated pp.9-10) -- f. Slip with description of opening work (in hand of E. Husslman ?) "Anonymous collection of masnavis and rubais. n.f. anywhere" (paginated pp.11-12) -- g. Slip with note "Counted for 1968/69 Annual Report" (paginated pp.13-14) -- h. Slip with note "Persian MSS (Heywood-Dunne?) with Husselman and Meredith-Owen notes" (paginated pp.15-16).</subfield></datafield><datafield tag="500" ind1=" " ind2=" "><subfield code="a">Former shelfmark: Mich. Isl. Ms. temp. no. 41</subfield></datafield><datafield tag="500" ind1=" " ind2=" "><subfield code="a">Binding: Boards covered in orange-red cloth with brown leather over spine and board corners (half binding) ; Western style binding ; pastedowns and flyleaves in untinted paper ; spine gold-stamped with title "MAJMA | UL | BAHRAEIN" ; possibly now sewn over cords, but also oversewn ; stuck-on endbands in red and white ; overall in fair condition with some abrasion and deterioration of spine leather, etc.</subfield></datafield><datafield tag="500" ind1=" " ind2=" "><subfield code="a">Support: non-European (likely Indian or Persian) laid paper with roughly 10 laid lines per cm. (horizontal, fairly distinct, some curving) and no chain lines plainly visible, cloudy formation, thin and transluscent though sturdy, beige to grayish in color, well-burnished ; repairs (fills) in European wove paper ; some pest damage, staining and tide lines.</subfield></datafield><datafield tag="500" ind1=" " ind2=" "><subfield code="a">Decoration: Keywords and section headings rubricated (mainly in Majmaʻ al-baḥrayn) ; textual dividers in the form of three dots ; written area surrounded by frame consisting of a yellow band defined by black fillets with outermost red rule.</subfield></datafield><datafield tag="500" ind1=" " ind2=" "><subfield code="a">Script: Nastaʻlīq ; two elegant hands ; opening through p.100 (selection of poetry) in a clear hand in a medium line, serifless with slight effect of words descending to baseline, elongation of horizontal strokes, some sweeping descenders, pointing mainly in distinct dots ; p.101 to close (mainly Majmaʻ al-baḥrayn) in a careful hand in a bold line with effect of words descending to baseline, marked contrast in thickness between horizontal and vertical strokes, elongation of horizontal strokes, pointing (two and three dots) in conjoined dots.</subfield></datafield><datafield tag="500" ind1=" " ind2=" "><subfield code="a">Layout: Written in mainly 12 and 11 lines per page, often divided to two columns ; frame-ruled.</subfield></datafield><datafield tag="500" ind1=" " ind2=" "><subfield code="a">Collation: i, 5 IV(40), II (44), 7 IV(100), i ; quaternions (as suggested by mid-quire marks, original sewing now obscured) ; middle of the quire marks in the form of oblique black strokes in upper outer corner of right-hand leaf and lower-outer corner of left-hand leaf ; catchwords present ; pagination in pencil, Western numerals, supplied during digitization (includes inserts).</subfield></datafield><datafield tag="500" ind1=" " ind2=" "><subfield code="a">Colophon: [Majmaʻ al-baḥrayn] "Scribal," rectangular, reads "تمت السراله الموسومه بمجمع البحرين فى التاريخ ۱۹ رجب سنه ۱۱۳۷ كاتب اين صنعت يا لا كلام هست رهى در همه خدمت تمام"</subfield></datafield><datafield tag="500" ind1=" " ind2=" "><subfield code="a">Explicit: [Muntakhab-i ashʻār]"در تراصد حکم خاقانی بود اخر کارت چو خاقانی بود در بسازی چون نظامی پنج گنج ربح باشد اخرت زان پنج گنج تم تم تمام شد" ; [Majmaʻ al-baḥrayn] "بیت وی از نام تو معمور باد نامش از انعام تو مشهور باد"</subfield></datafield><datafield tag="500" ind1=" " ind2=" "><subfield code="a">Incipit: [Muntakhab-i ashʻār] "ر مر [؟] الان گر کسی فهميد كان الله لم يكن را ديد ..." ; [Majmaʻ al-baḥrayn] "و به الحول و القوة مدام از حضرت مبلغ الهام ... گوید منتظم اين كتاب و متمم اين خطاب ... محمد بن عبد الله نشاپورى المعروف بكاتبى ... مجمع البحرين اشعاريست ..."</subfield></datafield><datafield tag="500" ind1=" " ind2=" "><subfield code="a">Title supplied by cataloguer from colophon on p.216.</subfield></datafield><datafield tag="500" ind1=" " ind2=" "><subfield code="a">Ms. codex.</subfield></datafield><datafield tag="505" ind1="0" ind2=" "><subfield code="a">2. p.102-p.216 : Majmaʻ al-baḥrayn / Kātibī.</subfield></datafield><datafield tag="505" ind1="0" ind2=" "><subfield code="a">1. p.18-p.101 : [Muntakhab-i ashʻār] / Kātibī [?].</subfield></datafield><datafield tag="510" ind1="4" ind2=" "><subfield code="a">Dehghan, I. "Kātibī, s̲h̲ams al-dīn muḥammad b. ʿabd allāh." In EI2,</subfield><subfield code="c">vol. IV, p.762, col. 2</subfield></datafield><datafield tag="510" ind1="4" ind2=" "><subfield code="a">Cat. Pers. MSS. Brit. Mus.,</subfield><subfield code="c">p.637 f.</subfield></datafield><datafield tag="520" ind1="8" ind2=" "><subfield code="a">Fine copy of Majmaʻ al-baḥrayn, an allegorical Ṣūfī poem addressing the loves of Nāẓir and Manẓūr by the Persian poet Kātibī, Shams al-Dīn Muḥammad ibn ʻAbd Allāh (d. ca. 1435-6), preceded by an anonymous selection of poetry (possibly also by Kātibī ?).</subfield></datafield><datafield tag="538" ind1=" " ind2=" "><subfield code="a">Mode of access: Internet.</subfield></datafield><datafield tag="541" ind1=" " ind2=" "><subfield code="c">Gift ;</subfield><subfield code="a">Acquired from Frank E. Nuttall (1875-1943).</subfield></datafield><datafield tag="546" ind1=" " ind2=" "><subfield code="a">Persian.</subfield></datafield><datafield tag="561" ind1=" " ind2=" "><subfield code="a">Former inventory marks in pencil on upper pastedown "MS | 1906" , etc. ; title and former inventory number in pencil "Ms 190. Majma ul Bahrain" as well as "45" on 'title page' (p.17) ; fairly clean copy.</subfield></datafield><datafield tag="650" ind1=" " ind2="0"><subfield code="a">Manuscripts, Persian</subfield><subfield code="z">Michigan</subfield><subfield code="z">Ann Arbor.</subfield></datafield><datafield tag="650" ind1=" " ind2="0"><subfield code="a">Masnavis, Persian</subfield><subfield code="v">Early works to 1800.</subfield></datafield><datafield tag="650" ind1=" " ind2="0"><subfield code="a">Persian poetry</subfield><subfield code="y">747-1500.</subfield></datafield><datafield tag="700" ind1="1" ind2=" "><subfield code="a">Nuttall, Frank E.,</subfield><subfield code="d">1875-1943,</subfield><subfield code="e">former owner.</subfield></datafield><datafield tag="740" ind1="0" ind2="2"><subfield code="6">880-05</subfield><subfield code="a">Muntakhab-i ashʻār</subfield></datafield><datafield tag="773" ind1="0" ind2=" "><subfield code="a">F. E. Nuttall Collection.</subfield></datafield><datafield tag="880" ind1="0" ind2="2"><subfield code="6">740-05/</subfield><subfield code="a">منتخب اشعار</subfield></datafield><datafield tag="880" ind1="1" ind2="0"><subfield code="6">245-03/</subfield><subfield code="a">[مجمع البحرین و منتخب اشعار,</subfield><subfield code="f">1137ه, 1725م].</subfield></datafield><datafield tag="880" ind1="1" ind2=" "><subfield code="6">100-01/</subfield><subfield code="a">كاتبى ترشيزى، محمد بن عبد الله.</subfield></datafield><datafield tag="CID" ind1=" " ind2=" "><subfield code="a">006837675</subfield></datafield><datafield tag="DAT" ind1="0" ind2=" "><subfield code="a">20190719102642.0</subfield><subfield code="b">20190719000000.0</subfield></datafield><datafield tag="DAT" ind1="1" ind2=" "><subfield code="a">20190719090653.0</subfield><subfield code="b">2019-07-19T16:12:33Z</subfield></datafield><datafield tag="DAT" ind1="2" ind2=" "><subfield code="a">2015-10-02T18:00:03Z</subfield></datafield><datafield tag="CAT" ind1=" " ind2=" "><subfield code="a">SDR-MIU</subfield><subfield code="d">EX LIBRIS - ALEPH</subfield><subfield code="l">prepare.pl-004-008</subfield></datafield><datafield tag="FMT" ind1=" " ind2=" "><subfield code="a">BK</subfield></datafield><datafield tag="HOL" ind1=" " ind2=" "><subfield code="0">sdr-miu006837675</subfield><subfield code="a">MiU</subfield><subfield code="b">SDR</subfield><subfield code="c">MIU</subfield><subfield code="p">mdp.39015079132695</subfield><subfield code="s">MIU</subfield><subfield code="1">006837675</subfield></datafield><datafield tag="974" ind1=" " ind2=" "><subfield code="b">MIU</subfield><subfield code="c">MIU</subfield><subfield code="d">20190719</subfield><subfield code="s">lit-dlps-dc</subfield><subfield code="u">mdp.39015079132695</subfield><subfield code="y">1725</subfield><subfield code="r">pd</subfield><subfield code="q">bib</subfield><subfield code="t">non-US bib date1 &lt; 1879</subfield></datafield></record></collection>